@mastersthesis{UsuiMaster2017,
  title={One-shot Delimited Continuations as Coroutines},
  author={Chiharu Usui},
  year={2017},
  school={University of Tsukuba}
}
@inproceedings{kiselyov2016eff,
  title={Eff directly in OCaml},
  author={Kiselyov, Oleg and Sivaramakrishnan, KC},
  booktitle={ML Workshop},
  year={2016}
}
@article{bauer2015programming,
  title={Programming with algebraic effects and handlers},
  author={Bauer, Andrej and Pretnar, Matija},
  journal={Journal of Logical and Algebraic Methods in Programming},
  volume={84},
  number={1},
  pages={108--123},
  year={2015},
  publisher={Elsevier}
}
