@misc{imploflua,
	author = "{Roberto Ierusalimuschy} and {Luiz Henrique de Figueiredo} and {Waldemar Celes}",
	title = {The Implementation of Lua 5.0},
	year = 2003,
	note = "\url{https://www.lua.org/doc/jucs05.pdf}"
}

@misc{jasondavies,
	author = {Jason D. Davies},
	title = {Optimizing Lua},
	year = 2005,
	note = "\url{https://www.jasondavies.com/optimising-lua/JasonDaviesDissertation.pdf}"
}

@misc{michael,
	author = {Michael Schroder},
	title = {Optimizing Lua using run-time type specialization},
	year = 2012,
	note = "\url{https://www.complang.tuwien.ac.at/anton/praktika-fertig/schroeder/thesis.pdf}"
}

@misc{luasource,
	author = {PUC Rio},
	title = {source code for Lua 5.3},
	note = "\url{https://www.lua.org/source/5.3/}"
}

@misc{nofrills,
	author = {Kein-Hong Man},
	title = {A No-Frills Introduction to Lua 5.1 VM Instructions},
	year = 2006,
	note = "\url{http://luaforge.net/docman/83/98/ANoFrillsIntroToLua51VMInstructions.pdf}"
}

@misc{raviluabytecode,
	author = {Dibyendu Majumdar},
	title = {Lua 5.3 Bytecode Reference},
	note = "\url{http://the-ravi-programming-language.readthedocs.io/en/latest/lua_bytecode_reference.html}"
}

@book{compilercoins,
	author = "{Ikuo Tanaka} and {Masataka Sasa} and {Munahiro Takimoto} and {Tan Watanabe}",
	title = {コンパイラの基盤技術と実践 -- コンパイラ$\cdot$インフラストラクチャCOINSを用いて},
	year = 2008
}

@misc{compileroptimizations,
	author = "Nullstone Corporation",
	title = {Compiler Optimizations},
	note = "\url{http://www.compileroptimizations.com/}"
}
