@article{pretnar2017efficient,
  title={Efficient compilation of algebraic effects and handlers},
  author={Pretnar, Matija and Saleh, Amr Hany and Faes, Axel and Schrijvers, Tom},
  journal={CW Reports, volume CW708},
  volume={32},
  year={2017}
}

@article{thielecke2002comparing,
  title={Comparing control constructs by double-barrelled CPS},
  author={Thielecke, Hayo},
  journal={Higher-Order and Symbolic Computation},
  volume={15},
  number={2-3},
  pages={141--160},
  year={2002},
  publisher={Springer}
}

@inproceedings{dolan2015effective,
  title={Effective concurrency through algebraic effects},
  author={Dolan, Stephen and White, Leo and Sivaramakrishnan, K and Yallop, Jeremy and Madhavapeddy, Anil},
  booktitle={OCaml Workshop},
  pages={13},
  year={2015}
}

@techreport{leijen2016algebraic,
  title={Algebraic Effects for Functional Programming},
  author={Leijen, Daan},
  year={2016},
  pages={15},
  institution={MSR-TR-2016-29}
}

